@misc{hard,
    author = "D. Demaine, Erik and Hohenberger, Susan and Liben-Nowell, David",
    title = "Tetris is Hard, Even to Approximate",
    year = "2002",
    howpublished = "\url{erikdemaine.org/papers/Tetris_TR2002/paper.pdf}"
}

@misc{tetris,
    author = "Zucker, Matt and Maas, Andrew",
    title = "Learning Tetris",
    year = "2009",
    howpublished = "\url{http://www.cs.cmu.edu/afs/cs/project/ACRL/www/TetrisReports/Zucker&Maas.pdf}"
}

@misc{toomuchstate,
    author = "Gross, Alexander and Friedland, Jan and Schwenker, Friedhelm",
    title = "Learning to play Tetris by applying reinforcement learning methods",
    year = "2008",
    howpublished = "\url{https://www.elen.ucl.ac.be/Proceedings/esann/esannpdf/es2008-118.pdf}"
}

@misc{noobs,
    author = "Dunham, Michael and Alves, Andrew",
    title = "Tetris Game-playing Agents in Python",
    year = "2014",
    howpublished = "\url{http://www.cs.uml.edu/ecg/uploads/AIfall14/dunham_alves_tetris_game_playing.pdf}"
}

@misc{qlearning,
    author = "Sutton, Rich",
    title = "Introduction to Reinforcement Learning with Function Approximation",
    year = "2015",
    howpublished = "\url{https://webdocs.cs.ualberta.ca/~sutton/Talks/RLtutorialNIPS2015.pdf}"
}
